<?xml version="1.0" encoding="UTF-8"?><collection xmlns="http://www.loc.gov/MARC21/slim"><record><leader>00536nam--2200181-i-4500</leader><controlfield tag="001">000033992</controlfield><controlfield tag="002">20161230</controlfield><controlfield tag="005">20161230201039</controlfield><controlfield tag="008">060222s1000------------r-----000-0-eng-d</controlfield><datafield ind1=" " ind2=" " tag="040"><subfield code="a">IFIN-HH</subfield></datafield><datafield ind1=" " ind2=" " tag="080"><subfield code="a">803.0(075.8)</subfield></datafield><datafield ind1="1" ind2=" " tag="110"><subfield code="a">Mentor</subfield></datafield><datafield ind1="1" ind2="0" tag="245"><subfield code="a">Die karawane ou le seigneur du desert</subfield><subfield code="b">Troisieme roman allemand. de wilhelm hauff. illustrtions de marie rose herzog</subfield></datafield><datafield ind1=" " ind2=" " tag="260"><subfield code="a">Nogent-sur-marne</subfield><subfield code="b">Editions Mentor</subfield><subfield code="c">1963</subfield></datafield><datafield ind1=" " ind2=" " tag="300"><subfield code="a">219P</subfield></datafield><datafield ind1=" " ind2=" " tag="490"><subfield code="a">Roman Allemand</subfield><subfield code="v">M.221</subfield></datafield><datafield ind1=" " ind2=" " tag="852"><subfield code="a">41886</subfield><subfield code="c">4</subfield></datafield><datafield ind1=" " ind2=" " tag="CAT"><subfield code="a">Sys</subfield><subfield code="c">20130206</subfield><subfield code="h">112741</subfield></datafield></record></collection>